@online{xkcd_sheeple,
	title = {Sheeple},
	date = {2016-06-29},
	url={https://xkcd.com/610/}
}
@online{xkcd_pillar,
	title = {Pillar},
	date = {2016-06-29},
	url={https://xkcd.com/32/}
}
@online{xkcd_quantum_mechanics,
	title = {Quantum Mechanics},
	date = {2016-06-29},
	url={https://xkcd.com/1240/}
}
@online{duden_consciousness,
	title = {Definition: Bewusstsein},
	date = {2016-06-29},
	url={http://www.duden.de/rechtschreibung/Bewusstsein#Bedeutung1a}
}
@online{duden_observer,
	title = {Definition: Beobachter},
	date = {2016-06-29},
	url={http://www.duden.de/rechtschreibung/Beobachter}
}
@online{pic_sandstone,
	title = {Sandstein},
	date = {2016-06-29},
	url={https://en.wikipedia.org/wiki/Rock_(geology)#/media/File:SandstoneUSGOV.jpg}
}
@online{pic_football,
	title = {Bild:Fu√üball-Beobachter},
	date = {2016-06-29},
	url={http://orf.at/static/images/site/news/20160624/em_frankreich_island_body_afp.4694318.jpg}
}

@online{pic_astronomer,
	title = {Bild:Himmels-Beobachter},
	date = {2016-06-29},
	url={http://www.beliefnet.com/columnists//dreamgates/files/2012/02/Astronomer.jpg}
}

@online{pic_presentation,
	title = {Bild:Vortrag},
	date = {2016-06-29},
	url={http://www.start-mediation.de/wp-content/uploads/2010/01/Vortrag_PMI.jpg}
}

@online{water_droplet,
	author = {Fir0002/Flagstaffotos},
	title = {Wassertropfen},
	date = {2016-06-29},
	url = {https://en.wikipedia.org/wiki/Water#/media/File:Water_droplet_blue_bg05.jpg},
}
@online{neurons,
	author = {UC Regents Davis campus - http://brainmaps.org},
	title = {Bild:Neuronen},
	date = {2016-06-29},
	url = {https://en.wikipedia.org/wiki/Neuron#/media/File:Smi32neuron.jpg},
}
@online{steam_eruption,
	title = {Wassertropfen},
	date = {2016-06-29},
	url = {https://en.wikipedia.org/wiki/Water#/media/File:Water_droplet_blue_bg05.jpg},
}


@article{Chalmers_95,
	author = {David Chalmers},
	title = {Facing Up to the Problem of Consciousness},
	journaltitle = {Journal of Consciousness Studies},
	date = {1995},
	url = {http://consc.net/papers/facing.html},
	urldate = {2016-06-29},
}

@article{Chalmers_95,
	author = {David Chalmers},
	title = {Facing Up to the Problem of Consciousness},
	journaltitle = {Journal of Consciousness Studies},
	date = {1995},
	url = {http://consc.net/papers/facing.html},
	urldate = {2016-06-29},
}
@article{Tegmark_15_long,
	author = {Max Tegmark},
	title = {Consciousness as a State of Matter},
	journal = {ArXiv e-prints},
	archivePrefix = "arXiv",
	eprint = {1401.1219v3},
	year = {2015},
}
@article{Tegmark_15_short,
	author = {Max Tegmark},
	title = {Consciousness as a State of Matter},
	journal = {ArXiv e-prints},
	archivePrefix = "arXiv",
	eprint = {1405.0493v2},
	year = {2015},
}
@article{Tegmark_99,
	author = {Max Tegmark},
	title = {The Importance of Quantum Decoherence in Brain Processes},
	journal = {ArXiv e-prints},
	archivePrefix = "arXiv",
	eprint = {quant-ph/9907009v2 },
	year = {1999},
}
@article{Zeh_00,
	author = {H. Dieter Zeh},
	title = {The Problem of conscious observation in Quantum Mechanical Description},
	journal = {ArXiv e-prints},
	archivePrefix = "arXiv",
	eprint = {quant-ph/9908084v3 },
	year = {2000},
}


