@online{xkcd_sheeple,
	title = {Sheeple},
	date = {2016-07-11},
	url={https://xkcd.com/610/}
}
@online{xkcd_pillar,
	title = {Pillar},
	date = {2016-07-11},
	url={https://xkcd.com/32/}
}
@online{xkcd_quantum_mechanics,
	title = {Quantum Mechanics},
	date = {2016-07-11},
	url={https://xkcd.com/1240/}
}
@online{duden_consciousness,
	title = {Definition: Bewusstsein},
	date = {2016-07-11},
	url={http://www.duden.de/rechtschreibung/Bewusstsein#Bedeutung1a}
}
@online{duden_observer,
	title = {Definition: Beobachter},
	date = {2016-07-11},
	url={http://www.duden.de/rechtschreibung/Beobachter}
}
@online{pic_sandstone,
	title = {Bild:Sandstein},
	date = {2016-07-11},
	url={https://en.wikipedia.org/wiki/Rock_(geology)#/media/File:SandstoneUSGOV.jpg}
}
@online{pic_football,
	title = {Bild:Fu√üball-Beobachter},
	date = {2016-07-11},
	url={http://orf.at/static/images/site/news/20160624/em_frankreich_island_body_afp.4694318.jpg}
}

@online{pic_astronomer,
	title = {Bild:Himmels-Beobachter},
	date = {2016-07-11},
	url={http://www.beliefnet.com/columnists//dreamgates/files/2012/02/Astronomer.jpg}
}

@online{pic_presentation,
	title = {Bild:Vortrag},
	date = {2016-07-11},
	url={http://www.start-mediation.de/wp-content/uploads/2010/01/Vortrag_PMI.jpg}
}

@online{pic_water_droplet,
	author = {Fir0002/Flagstaffotos},
	title = {Bild:Wassertropfen},
	date = {2016-07-11},
	url = {https://en.wikipedia.org/wiki/Water#/media/File:Water_droplet_blue_bg05.jpg},
}
@online{pic_stone,
	author = {By EvanS},
	title = {Bild: Felsen},
	date = {2016-07-11},
	url = {https://en.wikipedia.org/wiki/Rock_(geology)#/media/File:Balanced_Rock.jpg},
}
@online{neurons,
	author = {UC Regents Davis campus - http://brainmaps.org},
	title = {Bild:Neuronen},
	date = {2016-07-11},
	url = {https://en.wikipedia.org/wiki/Neuron#/media/File:Smi32neuron.jpg},
}
@online{microtubule,
	title = {Bild:Mirkrotubuli},
	date = {2016-07-11},
	url = {https://de.wikipedia.org/wiki/Mikrotubulus#/media/File:FluorescentCells.jpg},
}
@online{microtubule_structure,
	author={By Thomas Splettstoesser (www.scistyle.com)},
	title = {Bild:Mirkrotubulus Struktur},
	date = {2016-07-11},
	url = {https://en.wikipedia.org/wiki/Microtubule#/media/File:Microtubule_structure.png},
}
@online{lightning_teslacoil,
	author={By Daniel Grohmann},
	title = {Bild:Entladung Tesla Spule},
	date = {2016-07-11},
	url = {https://en.wikipedia.org/wiki/Tesla_coil#/media/File:Tesla_coil_(discharge)..JPG},
}
@online{steam_eruption,
	author={By Brocken Inaglory},
	title = {Bild:Wasserdampf},
	date = {2016-07-11},
	url = {https://en.wikipedia.org/wiki/Steam#/media/File:Steam_phase_eruption_of_Castle_Geyser.jpg},
}


@article{Chalmers_95,
	author = {David Chalmers},
	title = {Facing Up to the Problem of Consciousness},
	journaltitle = {Journal of Consciousness Studies},
	date = {1995},
	url = {http://consc.net/papers/facing.html},
	urldate = {2016-07-11},
}
@article{Tononi_08,
	author = {Giulio Tononi},
	title = {Consciousness as Integrated Information: a Provisional Manifesto},
	journaltitle = {Biol. Bull.},
	volume={215},
	date = {2008},
	url = {http://www.biolbull.org/content/215/3/216.full},
	urldate = {2016-07-11},
}
@article{Koch_16,
	author = {Christof Koch and others},
	title = {Neural correlates of consciousness: progress and problems},
	journaltitle = {Nat Rev Neurosci},
	volume={17},
	date = {2016},
	url = {http://dx.doi.org/10.1038/nrn.2016.22},
	urldate = {2016-07-11},
}
@article{Tegmark_15_long,
	author = {Max Tegmark},
	title = {Consciousness as a State of Matter},
	journal = {ArXiv e-prints},
	archivePrefix = "arXiv",
	eprint = {1401.1219v3},
	year = {2015},
}
@article{Tegmark_15_short,
	author = {Max Tegmark},
	title = {Consciousness as a State of Matter},
	journal = {ArXiv e-prints},
	archivePrefix = "arXiv",
	eprint = {1405.0493v2},
	year = {2015},
}
@article{Tegmark_99,
	author = {Max Tegmark},
	title = {The Importance of Quantum Decoherence in Brain Processes},
	journal = {ArXiv e-prints},
	archivePrefix = "arXiv",
	eprint = {quant-ph/9907009v2 },
	year = {1999},
}
@article{Zeh_00,
	author = {H. Dieter Zeh},
	title = {The Problem of conscious observation in Quantum Mechanical Description},
	journal = {ArXiv e-prints},
	archivePrefix = "arXiv",
	eprint = {quant-ph/9908084v3 },
	year = {2000},
}
@article{Zurek_01,
	author = {Wojciech H. Zurek},
	title = {Information transfer in quantum measurements: irreversibility and amplification},
	journal = {ArXiv e-prints},
	archivePrefix = "arXiv",
	eprint = {quant-ph/0111137},
	year = {2001},
}


